@comment{ fuzzingbook bibliography }

@comment{ Define common abbreviations for non-BibTeX conversion }
@string{ jan = "January" }
@string{ feb = "February" }
@string{ mar = "March" }
@string{ apr = "April" }
@string{ may = "May" }
@string{ jun = "June" }
@string{ jul = "July" }
@string{ aug = "August" }
@string{ sep = "September" }
@string{ oct = "October" }
@string{ nov = "November" }
@string{ dec = "December" }

@article{purdom1972,
  year={1972},
  issn={0006-3835},
  journal={BIT Numerical Mathematics},
  volume={12},
  number={3},
  doi={10.1007/BF01932308},
  title={A sentence generator for testing parsers},
  url={http://dx.doi.org/10.1007/BF01932308},
  publisher={Kluwer Academic Publishers},
  author={Purdom, Paul},
  pages={366-375},
  language={English}
}

@article{Miller1990,
 author = {Miller, Barton P. and Fredriksen, Louis and So, Bryan},
 title = {An Empirical Study of the Reliability of {UNIX} Utilities},
 journal = {Commun. ACM},
 issue_date = {Dec. 1990},
 volume = {33},
 number = {12},
 month = dec,
 year = {1990},
 issn = {0001-0782},
 pages = {32--44},
 numpages = {13},
 url = {http://doi.acm.org/10.1145/96267.96279},
 doi = {10.1145/96267.96279},
 acmid = {96279},
 publisher = {ACM},
 address = {New York, NY, USA}
}

@book{Pezze2008,
  title={Software Testing and Analysis: Process, Principles, and Techniques},
  author={Pezz{\`e}, Mauro and Young, Michal},
  year={2008},
  publisher={John Wiley \& Sons}
}

@article{Luke2000,
 author = {Luke, S.},
 title = {Two Fast Tree-creation Algorithms for Genetic Programming},
 journal = {Transactions on Evolutionary Computation},
 issue_date = {September 2000},
 volume = {4},
 number = {3},
 month = sep,
 year = {2000},
 issn = {1089-778X},
 pages = {274--283},
 numpages = {10},
 url = {https://doi.org/10.1109/4235.873237},
 doi = {10.1109/4235.873237},
 acmid = {2221499},
 publisher = {IEEE Press},
 address = {Piscataway, NJ, USA},
} 

