@article{purdom1972,
  year={1972},
  issn={0006-3835},
  journal={BIT Numerical Mathematics},
  volume={12},
  number={3},
  doi={10.1007/BF01932308},
  title={A sentence generator for testing parsers},
  url={http://dx.doi.org/10.1007/BF01932308},
  publisher={Kluwer Academic Publishers},
  author={Purdom, Paul},
  pages={366-375},
  language={English}
}

@article{Miller1990,
 author = {Miller, Barton P. and Fredriksen, Louis and So, Bryan},
 title = {An Empirical Study of the Reliability of {UNIX} Utilities},
 journal = {Commun. ACM},
 issue_date = {Dec. 1990},
 volume = {33},
 number = {12},
 month = dec,
 year = {1990},
 issn = {0001-0782},
 pages = {32--44},
 numpages = {13},
 url = {http://doi.acm.org/10.1145/96267.96279},
 doi = {10.1145/96267.96279},
 acmid = {96279},
 publisher = {ACM},
 address = {New York, NY, USA},
}
