@inproceedings{Arcuri:2011:ART:2001420.2001452,
 author = {Arcuri, Andrea and Briand, Lionel},
 title = {Adaptive Random Testing: An Illusion of Effectiveness?},
 booktitle = {Proceedings of the 2011 International Symposium on Software Testing and Analysis},
 series = {ISSTA '11},
 year = {2011},
 isbn = {978-1-4503-0562-4},
 location = {Toronto, Ontario, Canada},
 pages = {265--275},
 url = {http://doi.acm.org/10.1145/2001420.2001452},
 doi = {10.1145/2001420.2001452},
 acmid = {2001452},
 publisher = {ACM},
 address = {New York, NY, USA},
 keywords = {F-measure, P-measure, distance, diversity, faulty region, random testing, shape, similarity},
}

@inproceedings{Bohme:2014:EAT:2635868.2635923,
 author = {B\"{o}hme, Marcel and Paul, Soumya},
 title = {On the Efficiency of Automated Testing},
 booktitle = {Proceedings of the 22nd ACM SIGSOFT International Symposium on Foundations of Software Engineering},
 series = {FSE 2014},
 year = {2014},
 isbn = {978-1-4503-3056-5},
 location = {Hong Kong, China},
 pages = {632--642},
 url = {http://doi.acm.org/10.1145/2635868.2635923},
 doi = {10.1145/2635868.2635923},
 acmid = {2635923},
 publisher = {ACM},
 address = {New York, NY, USA},
 keywords = {Efficient Testing, Error-based Partitioning, Partition Testing, Random Testing, Testing Theory},
}

@ARTICLE{PTC2,
author={S. Luke},
journal={IEEE Transactions on Evolutionary Computation},
title={Two fast tree-creation algorithms for genetic programming},
year={2000},
volume={4},
number={3},
pages={274-283},
keywords={LISP;functional programming;genetic algorithms;trees (mathematics);GA;LISP s-expressions;evolutionary optimization method;functional programs;strongly typed genetic programming;tree-creation algorithms;tree-generation algorithm;Algorithm design and analysis;Computer science;Functional programming;Genetic mutations;Genetic programming;Optimization methods;Size control;Time factors;Tree data structures},
doi={10.1109/4235.873237},
ISSN={1089-778X},
month={Sep},}

@Article{purdom1972,
author="Purdom, Paul",
title="A sentence generator for testing parsers",
journal="BIT Numerical Mathematics",
year="1972",
month="Sep",
day="01",
volume="12",
number="3",
pages="366--375",
abstract="A fast algorithm is given to produce a small set of short sentences from a context free grammar such that each production of the grammar is used at least once. The sentences are useful for testing parsing programs and for debugging grammars (finding errors in a grammar which causes it to specify some language other than the one intended). Some experimental results from using the sentences to test some automatically generated simpleLR(1) parsers are also given.",
issn="1572-9125",
doi="10.1007/BF01932308",
url="https://doi.org/10.1007/BF01932308"
}

@InProceedings{laemmel2006,
author="L{\"a}mmel, Ralf
and Schulte, Wolfram",
editor="Uyar, M. {\"U}mit
and Duale, Ali Y.
and Fecko, Mariusz A.",
title="Controllable Combinatorial Coverage in Grammar-Based Testing",
booktitle="Testing of Communicating Systems",
year="2006",
publisher="Springer Berlin Heidelberg",
address="Berlin, Heidelberg",
pages="19--38",
abstract="Given a grammar (or other sorts of meta-data), one can trivially derive combinatorially exhaustive test-data sets up to a specified depth. Without further efforts, such test-data sets would be huge at the least and explosive most of the time. Fortunately, scenarios of grammar-based testing tend to admit non-explosive approximations of naive combinatorial coverage.",
isbn="978-3-540-34185-7"
}

@article{sage,
 author = {Godefroid, Patrice and Levin, Michael Y. and Molnar, David},
 title = {SAGE: Whitebox Fuzzing for Security Testing},
 journal = {Queue},
 issue_date = {January 2012},
 volume = {10},
 number = {1},
 month = jan,
 year = {2012},
 issn = {1542-7730},
 pages = {20:20--20:27},
 articleno = {20},
 numpages = {8},
 url = {http://doi.acm.org/10.1145/2090147.2094081},
 doi = {10.1145/2090147.2094081},
 acmid = {2094081},
 publisher = {ACM},
 address = {New York, NY, USA},
}

@InProceedings{moncke1991gfa,
author="M{\"o}ncke, Ulrich
and Wilhelm, Reinhard",
editor="Alblas, Henk
and Melichar, Bo{\v{r}}ivoj",
title="Grammar flow analysis",
booktitle="Attribute Grammars, Applications and Systems",
year="1991",
publisher="Springer Berlin Heidelberg",
address="Berlin, Heidelberg",
pages="151--186",
abstract="This paper specifies the theoretical basis for the implementation of different generators of the OPTRAN system. Grammar How analysis uses the techniques of data flow analysis at the meta level of compiler construction. The analogue of the states in data flow analysis are the syntax trees together with some information that is associated with trees by propagation functions. One example is the association of characteristic graphs, another example is the association of sets of matching tree patterns.",
isbn="978-3-540-38490-8"
}

@article{klint2005grammarware,
  title={Toward an engineering discipline for {GRAMMARWARE}},
  author={Klint, Paul and L{\"a}mmel, Ralf and Verhoef, Chris},
  journal={ACM Transactions on Software Engineering and Methodology (TOSEM)},
  volume={14},
  number={3},
  pages={331--380},
  year={2005},
  publisher={ACM}
}

@misc{cloc,
  author = {AlDanial},
  title = {{JSON}-java},
  year = {2018},
  publisher = {GitHub},
  journal = {GitHub repository},
  howpublished = {\url{https://github.com/AlDanial/cloc}},
  commit = {5fbd4d79ab4bcfeab114e62ce98edb5a5cb603e1}
}

@techreport{json-grammar,
  author = {T. Bray},
  title = {The {JavaScript Object Notation} ({JSON}) Data Interchange Format},
  howpublished = {Internet Requests for Comments},
  type = {STD},
  number = {90},
  year = {2017},
  month = {December},
  issn = {2070-1721},
  publisher = {RFC Editor},
  institution = {RFC Editor},
}

@misc{markdown-grammar,
  author = {MacFarlane, John},
  title = {Markdown-PEG Grammar},
  year = {2013},
  publisher = {GitHub},
  journal = {GitHub repository},
  howpublished = {\url{https://github.com/jgm/peg-markdown/blob/master/markdown_parser.leg}},
  commit = {b220285309d14e4ad98ae1e5b5c662060d887b60}
}

@misc{js-grammar,
  title = {ECMAScript 2015 Standard ECMA-262 6th Edition},
  year = {2015},
  howpublished = {\url{https://www.ecma-international.org/ecma-262/6.0/}},
  note = {Accessed: 2015-08-31}
}

@misc{css3-grammar,
  title = {CSS3 Grammar},
  year = {2017},
  publisher = {GitHub},
  journal = {GitHub repository},
  howpublished = {\url{https://github.com/antlr/grammars-v4/blob/master/css3/css3.g4}},
  commit = {518104acdba0ce2973ed7ee40163eec1c181c49d}
}

@misc{jacoco,
  author = {Hoffmann, Marc R.},
  title = {{JaCoCo}, version $0.7.9$},
  year = {2017},
  publisher = {GitHub},
  journal = {GitHub repository},
  howpublished = {\url{https://github.com/jacoco/jacoco}},
  commit = {ec516e47462e617443f1f3c368e0faaa48ff85ea}
}

@misc{JSONJava,
  author = {Leary, Sean},
  title = {JSON-java},
  year = {2017},
  publisher = {GitHub},
  journal = {GitHub repository},
  howpublished = {\url{https://github.com/stleary/JSON-java}},
  commit = {fbad2d00171197cde64d0fa9d50ac2cc2ffbcdf9}
}

@misc{Gson,
  author = {Google},
  title = {Gson},
  year = {2017},
  publisher = {GitHub},
  journal = {GitHub repository},
  howpublished = {\url{https://github.com/google/gson}},
  commit = {d90f63dc88ac08971cf088a3537e1b1108603574}
}

@misc{Jackson,
  author = {Saloranta, Tatu},
  title = {Jackson},
  year = {2017},
  publisher = {GitHub},
  journal = {GitHub repository},
  howpublished = {\url{https://github.com/FasterXML/jackson-databind}},
  commit = {e969f0a31b781f5dfb74e16ddd5ee4b4fa36e8d8}
}

@misc{json-simple,
  title = {json-simple},
  year = {2014},
  publisher = {GitHub},
  journal = {GitHub repository},
  howpublished = {\url{https://github.com/fangyidong/json-simple}},
  commit = {a8b94b79b697df64b23428c27d65d6a187e9ebf9}
}

@misc{JsonToJava,
  author = {Hancock, Jon F.},
  title = {{JsonToJava}},
  year = {2014},
  publisher = {GitHub},
  journal = {GitHub repository},
  howpublished = {\url{https://github.com/jonfhancock/JsonToJava}},
  commit = {18809788d8f05f3cedfe4fa707df7e15d5ff43b5}
}

@misc{Pojo,
  author = {Littlejohn, Joe},
  title = {{JsonSchemaPojo}},
  year = {2017},
  publisher = {GitHub},
  journal = {GitHub repository},
  howpublished = {\url{https://github.com/joelittlejohn/jsonschema2pojo}},
  commit = {d9327cb1ed7f10de4e60083aa8c1dccbcf449208}
}

@misc{MarkdownPapers,
  author = {Ruiz,  Larry},
  title = {{MarkdownPapers}},
  year = {2017},
  publisher = {GitHub},
  journal = {GitHub repository},
  howpublished = {\url{https://github.com/lruiz/MarkdownPapers}}
}

@misc{txtmark,
  author = {Jeschke, Ren√©},
  title = {{Txtmark}},
  year = {2017},
  publisher = {GitHub},
  journal = {GitHub repository},
  howpublished = {\url{https://github.com/rjeschke/txtmark}}
}

@misc{Flexmark,
  author = {Schneider, Vladimir},
  title = {{Flexmark}},
  year = {2017},
  publisher = {GitHub},
  journal = {GitHub repository},
  howpublished = {\url{https://github.com/vsch/flexmark-java}}
}

@misc{Commonmark,
  author = {Stocker, Robin},
  title = {{Atlassian Commonmark}},
  year = {2017},
  publisher = {GitHub},
  journal = {GitHub repository},
  howpublished = {\url{https://github.com/atlassian/commonmark-java}}
}

@misc{markdownj,
  author = {Coles, Alex},
  title = {{MarkdownJ}},
  year = {2016},
  publisher = {GitHub},
  journal = {GitHub repository},
  howpublished = {\url{https://github.com/myabc/markdownj}}
}

@misc{markdown4j,
  author = {Casey, John},
  title = {{Markdown4J}},
  year = {2016},
  publisher = {GitHub},
  journal = {GitHub repository},
  howpublished = {\url{https://github.com/jdcasey/markdown4j}}
}

@misc{Closure,
  author = {Google},
  title = {{Closure Compiler}},
  year = {2017},
  publisher = {GitHub},
  journal = {GitHub repository},
  howpublished = {\url{https://github.com/google/closure-compiler}}
}

@misc{Rhino,
  author = {Mozilla},
  title = {{Rhino}},
  year = {2017},
  publisher = {GitHub},
  journal = {GitHub repository},
  howpublished = {\url{https://github.com/mozilla/rhino}}
}

@misc{cssValidator,
  author = {Lafon, Yves},
  title = {{W3C Jigsaw Validator}},
  year = {2017},
  publisher = {GitHub},
  journal = {GitHub repository},
  howpublished = {\url{https://github.com/w3c/css-validator}}
}

@misc{Genson,
  author = {Cepoi, Eugen},
  title = {Genson},
  year = {2017},
  publisher = {GitHub},
  journal = {GitHub repository},
  howpublished = {\url{https://github.com/owlike/genson}}
}

@misc{Argo,
  title = {Argo},
  year = {2017},
  publisher = {SourceForge},
  journal = {SourceForge repository},
  howpublished = {\url{https://sourceforge.net/projects/argo/}}
}


@misc{AFLFuzz,
  author = {Michal Zalewski},
  title = {American Fuzzy Lop},
  year = {2018},
  howpublished = {\url{http://lcamtuf.coredump.cx/afl/}},
  note = {Accessed: 2018-01-28}
}

@misc{Peach,
 author = {Peach Tech},
 title = {Peach Fuzzer},
 year = {2018},
 howpublished = {\url{https://www.peach.tech/products/peach-fuzzer/}},
 note = {Accessed: 2018-01-28}
}

@misc{Radamsa,
  author = {University of Oulu},
  title = {Radamsa},
  year = {2018},
  howpublished = {\url{https://www.ee.oulu.fi/roles/ouspg/Radamsa}},
  note = {Accessed: 2018-01-28}
}

@misc{MinimalJson,
  author = {Sternberg, Ralf},
  title = {minimal-json},
  year = {2017},
  publisher = {GitHub},
  journal = {GitHub repository},
  howpublished = {\url{https://github.com/ralfstx/minimal-json}},
  commit = {5959dba08238149f591c4a706e91b05cd7c14ace}
}

@article{hennell1976program,
  title={On program analysis},
  author={Hennell, Michael A. and Woodward, Martin R. and Hedley, David},
  journal={Information Processing Letters},
  volume={5},
  number={5},
  pages={136--140},
  year={1976},
  publisher={Elsevier}
}

@article{utting2012taxonomy,
  title={A taxonomy of model-based testing approaches},
  author={Utting, Mark and Pretschner, Alexander and Legeard, Bruno},
  journal={Software Testing, Verification and Reliability},
  volume={22},
  number={5},
  pages={297--312},
  year={2012},
  publisher={Wiley Online Library}
}

@inproceedings{hoschele2016autogram,
 author = {H\"{o}schele, Matthias and Zeller, Andreas},
 title = {Mining Input Grammars from Dynamic Taints},
 booktitle = {Proceedings of the 31st IEEE/ACM International Conference on Automated Software Engineering},
 series = {ASE 2016},
 year = {2016},
 isbn = {978-1-4503-3845-5},
 location = {Singapore, Singapore},
 pages = {720--725},
 url = {http://doi.acm.org/10.1145/2970276.2970321},
 doi = {10.1145/2970276.2970321},
 acmid = {2970321},
 publisher = {ACM},
 address = {New York, NY, USA},
 keywords = {Input formats, context-free grammars, dynamic tainting, fuzzing},
}

@inproceedings{bastani2017synthesizing,
 author = {Bastani, Osbert and Sharma, Rahul and Aiken, Alex and Liang, Percy},
 title = {Synthesizing Program Input Grammars},
 booktitle = {Proceedings of the 38th ACM SIGPLAN Conference on Programming Language Design and Implementation},
 series = {PLDI 2017},
 year = {2017},
 isbn = {978-1-4503-4988-8},
 location = {Barcelona, Spain},
 pages = {95--110},
 url = {http://doi.acm.org/10.1145/3062341.3062349},
 doi = {10.1145/3062341.3062349},
 acmid = {3062349},
 publisher = {ACM},
 address = {New York, NY, USA},
 keywords = {fuzzing, grammar synthesis},
}

@inproceedings{godefroid2017learnandfuzz,
 author = {Godefroid, Patrice and Peleg, Hila and Singh, Rishabh},
 title = {Learn\&\#38;Fuzz: Machine Learning for Input Fuzzing},
 booktitle = {Proceedings of the 32nd IEEE/ACM International Conference on Automated Software Engineering},
 series = {ASE 2017},
 year = {2017},
 isbn = {978-1-5386-2684-9},
 location = {Urbana-Champaign, IL, USA},
 pages = {50--59},
 url = {http://dl.acm.org/citation.cfm?id=3155562.3155573},
 acmid = {3155573},
 publisher = {IEEE Press},
 address = {Piscataway, NJ, USA},
 keywords = {deep learning, fuzzing, grammar learning, grammar-based fuzzing},
}

@inproceedings{lammel2001,
  title={Grammar testing},
  author={L{\"a}mmel, Ralf},
  booktitle={International Conference on Fundamental Approaches to Software Engineering},
  pages={201--216},
  year={2001},
  organization={Springer}
}

@inproceedings{godefroid2008,
 author = {Godefroid, Patrice and Kiezun, Adam and Levin, Michael Y.},
 title = {Grammar-based Whitebox Fuzzing},
 booktitle = {Proceedings of the 29th ACM SIGPLAN Conference on Programming Language Design and Implementation},
 series = {PLDI '08},
 year = {2008},
 isbn = {978-1-59593-860-2},
 location = {Tucson, AZ, USA},
 pages = {206--215},
 url = {http://doi.acm.org/10.1145/1375581.1375607},
 doi = {10.1145/1375581.1375607},
 acmid = {1375607},
 publisher = {ACM},
 address = {New York, NY, USA},
 keywords = {automatic test generation, grammars, program verification, software testing},
}

@inproceedings {holler2012fuzzing,
author = {Christian Holler and Kim Herzig and Andreas Zeller},
title = {Fuzzing with Code Fragments},
booktitle = {Presented as part of the 21st {USENIX} Security Symposium ({USENIX} Security 12)},
year = {2012},
isbn = {978-931971-95-9},
address = {Bellevue, WA},
pages = {445--458},
url = {https://www.usenix.org/conference/usenixsecurity12/technical-sessions/presentation/holler},
publisher = {{USENIX}},
}

@inproceedings{yang2011csmith,
 author = {Yang, Xuejun and Chen, Yang and Eide, Eric and Regehr, John},
 title = {Finding and Understanding Bugs in C Compilers},
 booktitle = {Proceedings of the 32Nd ACM SIGPLAN Conference on Programming Language Design and Implementation},
 series = {PLDI '11},
 year = {2011},
 isbn = {978-1-4503-0663-8},
 location = {San Jose, California, USA},
 pages = {283--294},
 url = {http://doi.acm.org/10.1145/1993498.1993532},
 doi = {10.1145/1993498.1993532},
 acmid = {1993532},
 publisher = {ACM},
 address = {New York, NY, USA},
 keywords = {automated testing, compiler defect, compiler testing, random program generation, random testing},
}

@inproceedings{laemmel2001,
 author = {L\"{a}mmel, Ralf},
 title = {Grammar Testing},
 booktitle = {Proceedings of the 4th International Conference on Fundamental Approaches to Software Engineering},
 series = {FASE '01},
 year = {2001},
 isbn = {3-540-41863-6},
 pages = {201--216},
 url = {http://dl.acm.org/citation.cfm?id=645369.651271},
 acmid = {651271},
 publisher = {Springer-Verlag},
 address = {London, UK, UK},
}

@article{hanford1970,
  title={Automatic generation of test cases},
  author={Hanford, Kenneth V.},
  journal={IBM Systems Journal},
  volume={9},
  number={4},
  pages={242--257},
  year={1970},
  publisher={IBM}
}

@article{pearson,
   author = {{Pearson}, K.},
    title = "{Note on Regression and Inheritance in the Case of Two Parents}",
  journal = {Proceedings of the Royal Society of London Series I},
     year = 1895,
   volume = 58,
    pages = {240-242},
   adsurl = {http://adsabs.harvard.edu/abs/1895RSPS...58..240P},
  adsnote = {Provided by the SAO/NASA Astrophysics Data System}
}

@book{trees,
 author = {Aho, Alfred V. and Lam, Monica S. and Sethi, Ravi and Ullman, Jeffrey D.},
 title = {Compilers: Principles, Techniques, and Tools (2Nd Edition)},
 year = {2006},
 isbn = {0321486811},
 publisher = {Addison-Wesley Longman Publishing Co., Inc.},
 address = {Boston, MA, USA},
}

@article{wilcoxon,
  title={Individual comparisons by ranking methods},
  author={Wilcoxon, Frank},
  journal={Biometrics bulletin},
  volume={1},
  number={6},
  pages={80--83},
  year={1945},
  publisher={JSTOR}
}
