../full_notebooks/fuzzingbook.bib